% This file was created with Citavi 5.1.0.0

@article{Cazzolato.2011,
 author = {Cazzolato, Benjamin Seth and Prime, Zebb},
 year = {2011},
 title = {On the Dynamics of the Furuta Pendulum},
 urldate = {29.08.2015},
 pages = {1--8},
 volume = {2011},
 number = {6},
 issn = {1687-5249},
 journal = {Journal of Control Science and Engineering},
 doi = {\url{10.1155/2011/528341}}
}


@misc{Wikipedia.06.08.2015,
 editor = {Wikipedia},
 year = {06.08.2015},
 title = {Furuta pendulum - Wikipedia, the free encyclopedia},
 url = {\url{https://en.wikipedia.org/w/index.php?oldid=622085609}},
 urldate = {06.09.2015}
}

@misc{Werner.2013,
 editor = {Herbert Werner},
 year = {2013},
 title = {Control Systems Theory
and Design},
}
